@unpublished{M4elem,
  author  = "E. Molnár",
  title   = "List of {D}-diagrams",
  note    = "Kézirat"
}

@unpublished{M92,
  author  = "E. Molnár",
  title   = "Sketch of an algorithm (of linear comlexity) for determining
    signature of the group $\{G}amma$ of a two-dimensional
{D}elaney-{D}ress-symbol",
  note    = "Kézirat"
}

% Fuchsian group: hiperbolikus kovezesek
% Macbeath szignatura: fogantyuk, keresztsapkak a feluleteken...
% Sikcsoportok fundamentalis tartomanya forgatasokkal es tukrozesekkel a csucsok
%   korul. (Wilkie)
@article{Ma67,
  author  = "A. M. Macbeath",
  title   = "The classification of non-{E}uclidean plane crystallographic
    groups",
  year    = "1967",
  journal = "Canadian J. Math.",
  volume  = "19",
  pages   = "1192--1205"
}

@article{T82,
  author  = "W. P. Thurston",
  title   = "Three-dimensional manifolds, {K}leinian groups and hyperbolic
    geometry",
  year    = "1982",
  journal = "Bull. Amer. Math. Soc.",
  volume  = "6",
  pages   = "367--382"
}

% D-szimbolum megalapozasa (meg diagram nelkul, csak algebrai leirassal), majd
% az inverz problema felvetese: Mikor kaptuk egyszeresen osszefuggo manifoldbol
% az eredmenyt? Az osszes lenyeges feltetel felsorolasa (kisebb dim gomb, 2 dim
% gomb), peldak.
@article{D87,
  author  = "A. W. M. Dress",
  title   = "Presentation of discrete groups acting on simply connected
    manifolds in terms of parametrized systems of {C}oxeter matrices",
  year    = "1987",
  journal = "Advances in Math",
  volume  = "63",
  pages   = "196--212"
}

% A hiperbolikus resz nelkuli orbifoldok felsorolasa. (D-szimbolumrol nincs
% szo.)
@article{Du88,
  author  = "W. D. Dunbar",
  title   = "Geometric orbifolds",
  year    = "1988",
  journal = "Revista Mat. Univ. Complutense de Madrid",
  volume  = "1",
  number  = "1,2,3",
  pages   = "67--99"
}

% Nem lehet letolteni ingyen (papiron megvan)
% A kombinatorikus gorbuleti fuggveny egy altalanos valtozata van benne, ami
% engem erdekel.
@article{LM90,
  author  = "Z. Lu\v{c}i\'c and E. Molnár",
  title   = "Combinatorial classification of fundamental domains of finite
    area for planar discontinous isometry groups",
  year    = "1990",
  journal = "Arch. Math.",
  volume  = "54",
  pages   = "511--520",
  publisher = "Springer",
}

% Nem lehet letolteni ingyen
@article{DHM93,
  author  = "A. W. M. Dress and D. H. Huson and E. Molnár",
  title   = "The classifications of face-transitive periodic three-dimensional
    tilings",
  year    = "1993",
  journal = "Acta Crystallographica",
  volume  = "A",
  number  = "49",
  pages   = "806--817"
}

% Nem lehet letolteni ingyen
@article{H93,
  author  = "D. H. Huson",
  title   = "The generation and classification of tile-k-transitive tilings of
    the {E}uclidean plane, the sphere and the hyperbolic plane",
  year    = "1993",
  journal = "Geometriae Dedicata",
  volume  = "47",
  pages   = "269--296",
  publisher = "Springer",
}

% Orosz cikk, eselytelen vagyok...
@article{VS93,
  publisher="Sci, Springer",
  journal = "Encyclopedia of Math",
  note    = "Geometry II",
  author  = "E. B. Vinberg and O. V. Shvartsman",
  title   = "Discrete transformation groups of spaces of constant curvature",
  year    = "1993",
  volume  = "29",
  address = "Berlin-Heidelberg"
}

% E3 D-szimbolumok megkeresese, kodolasi mechanizmus, amit DHM93-bol vett at.
% Egy kis GAP program leirasa.
@phdthesis{F94,
  author  = "O. Delgado-Friedrichs",
  title   = "Euclidicity Criteria for Three-Dimensional Branched
    Triangulations",
  year    = "1994",
  school  = "University of Bielefeld"
}

% D-szimbolum alkalmazasa a negyzetekkel es a kockakkal valo kovezesre
% (szimmetria toresekkel.) 
@article{M94,
  author  = "E. Molnár",
  title   = "Symmetry breaking of the cube tiling and the spatials chess board
    by {D}-symbols",
  year    = "1994",
  journal = "Beitr. Alg. Geom (Contributions to Algebra and Geometry)",
  volume  = "35",
  number  = "2",
  pages   = "205--238"
}

% El tranzitiv sikbeli kovezesek
@article{LMS94,
  author  = "Z. Lu\v{c}i\'c, E. Molnár and M. Stojanovi\'c",
  title   = "The 14 infinte families of isotoxal tilings in the planes of
    constant curvature",
  year    = "1994",
  journal = "Periodica Mathematica Hungarica",
  volume  = "29",
  number  = "2",
  pages   = "177--195"
}

% Max 3 elemu D-szimbolumok kivesezese, rendezes bevezetese, definiciok szep
% leirasa.
@article{M96,
  author  = "E. Molnár",
  title   = "Discontinous groups in homogeneous {R}iemannian spaces by
    classification of {D}-symbols",
  year    = "1996",
  journal = "Publications Mathematicae",
  volume  = "49",
  number  = "3-4",
  pages   = "265--294",
  address = "Debrecen, Hungary"
}

% Max 5 elemu 3d D-diagram felsorolasa. Egy egyszeru, de naaaaaaagyon lassu
% algoritmussal. (Ami nekem most 2*10^12 lepes volt, az ezzel az algoritmussal
% nagyjabol 2*10^89-en lepes lett volna...)
@article{BSzk02,
  author  = "A. Bölcskei and M. Szél-Koponyás",
  title   = "Construction of {D}-graphs related to periodic tilings",
  year    = "2002",
  journal = "KoG",
  volume  = "6",
  pages   = "21--27",
}

% D-diagram megfeleloje a kovezesben a Delaney set. Dre85: 2 kovezes
% "equivariantly equivalent" pontosan akkor, ha D-szimbolumuk izomorf.
% Kulonben az altalam is implementalt algoritmusok vannak. (Minimalis D
% homeomorf kep miatt meg egyszer erdemes megnezni.)
@article{F03,
  author  = "O. Delgado-Friedrichs",
  title   = "Data structures and algorithms for tilings I",
  year    = "2003",
  journal = "Theor. Comput. Sci.",
  volume  = "303",
  number  = "2-3",
  pages   = "431--445"
}

% Nem lehet letolteni ingyen (van 2 peldanyom papiron: fekete az elso oldala)
% tetraeder kovezesek kivesezese
% visszautalas a korabbi cikkekre az alapok miatt
% projektiv metrikus realizacio modszere
% Kapcsolodo alaposabb, de kisebb meritesu munkakent erdemes hivatkozni
@article{MPSz06,
  note    = "Non-Euclidean Geometries: János Bolyai memorial volume",
  author  = "E. Molnár and I. Prok and J. Szirmai",
  editor  = "A. Prékopa",
  title   = "Classification of tile-transitive 3-simplex tilings and their
    realizations in homogeneous spaces",
  year    = "2006",
  journal = "Mathematics and its applications",
  volume  = "581",
  publisher = "Springer",
  pages   = "321--363",
  address = "New York"
}

@article{M11,
  author  = "E. Molnár",
  title   = "On D-Symbols and Orbifolds in an Algorithmic Way",
  year    = "2011",
  journal = "Atti Semin. Mat. Fis. Univ. Modena Reggio Emilia",
  volume  = "58",
  pages   = "263--276"
}

@article{K11,
  author  = "R. Kós",
  title   = "Realization of D-symbols represented by Coxeter groups",
  year    = "2011",
  journal = "Atti Semin. Mat. Fis. Univ. Modena Reggio Emilia",
  volume  = "58",
  pages   = "233--244"
}

@article{DDH98,
  author  = "N. P. Dolbilin and A. W. M. Dress and D. H. Huson",
  title   = "Two finiteness theorems for periodic tilings of d-dimensional
    euclidean space",
  year    = "1998",
  journal = "Discrete \& Computational Geometry",
  publisher = "Springer",
  volume  = "20",
  number  = "2",
  pages   = "143--153"
}

@misc{MYHOME,
  author  = "Lajos Boróczki",
  title   = "http://www.math.bme.hu/\~{}boroczki/{D}-symbol"
}

@misc{MYHOME_edge_trans,
  author  = "Lajos Boróczki",
  title   = "http://www.math.bme.hu/\~{}boroczki/{D}-symbols-edge-transitive/"
}

@article{EMPTY,
  author  = "",
  title   = "",
  year    = "",
  journal = "",
  volume  = "",
  number  = "",
  pages   = "",
  address = ""
}
